<collection xmlns="http://www.loc.gov/MARC21/slim">
<record>
  <leader>01450nam0a2200277 i 450 </leader>
  <controlfield tag="001">IT\ICCU\CNCE\077936</controlfield>
  <controlfield tag="005">20130131000000.0</controlfield>
  <datafield tag="012" ind1=" " ind2=" ">
    <subfield code="a">hea- lila e.e, IINe (3) 1583 (R)</subfield>
    <subfield code="2">fei</subfield>
  </datafield>
  <datafield tag="100" ind1=" " ind2=" ">
    <subfield code="a">20130108d1583        0itac0103    ba</subfield>
  </datafield>
  <datafield tag="101" ind1=" " ind2=" ">
    <subfield code="a">ITA</subfield>
  </datafield>
  <datafield tag="102" ind1=" " ind2=" ">
    <subfield code="a">IT</subfield>
  </datafield>
  <datafield tag="200" ind1="1" ind2=" ">
    <subfield code="a">℗Il ℗discorso della s. Laura Terracina, sopra il principio di tutti i canti d&apos;Orlando furioso. Di nuouo con somma diligentia corretto, &amp; ristampato</subfield>
  </datafield>
  <datafield tag="210" ind1=" " ind2=" ">
    <subfield code="a">In Venetia</subfield>
    <subfield code="c">appresso Ventura de Saluador</subfield>
    <subfield code="d">1583</subfield>
    <subfield code="e">In Venetia</subfield>
    <subfield code="g">appresso Vintura de Saluador</subfield>
    <subfield code="h">1583</subfield>
  </datafield>
  <datafield tag="215" ind1=" " ind2=" ">
    <subfield code="a">95, \1! c.</subfield>
    <subfield code="c">ill.</subfield>
    <subfield code="d">12ʻ</subfield>
  </datafield>
  <datafield tag="620" ind1=" " ind2=" ">
    <subfield code="a">IT</subfield>
    <subfield code="d">Venezia</subfield>
  </datafield>
  <datafield tag="700" ind1=" " ind2="1">
    <subfield code="a">Terracina,</subfield>
    <subfield code="b">Laura</subfield>
    <subfield code="3">IT\ICCU\CNCA\007895</subfield>
  </datafield>
  <datafield tag="712" ind1="0" ind2="0">
    <subfield code="a">Salvador, Ventura</subfield>
    <subfield code="3">IT\ICCU\CNCT\000274</subfield>
    <subfield code="4">650</subfield>
  </datafield>
  <datafield tag="712" ind1="0" ind2="2">
    <subfield code="a">Tipografo non identificato</subfield>
    <subfield code="3">IT\ICCU\CNCT\003341</subfield>
    <subfield code="4">650</subfield>
  </datafield>
  <datafield tag="790" ind1=" " ind2="0">
    <subfield code="a">Febea</subfield>
    <subfield code="3">IT\ICCU\CNCA\018014</subfield>
    <subfield code="z">Terracina, Laura</subfield>
  </datafield>
  <datafield tag="790" ind1=" " ind2="1">
    <subfield code="a">Terracina Mauro,</subfield>
    <subfield code="b">Laura</subfield>
    <subfield code="3">IT\ICCU\CNCA\024833</subfield>
    <subfield code="z">Terracina, Laura</subfield>
  </datafield>
  <datafield tag="801" ind1=" " ind2="3">
    <subfield code="a">IT</subfield>
    <subfield code="b">ICCU</subfield>
    <subfield code="c">20201115</subfield>
  </datafield>
  <datafield tag="899" ind1=" " ind2=" ">
    <subfield code="a">Biblioteca civica. Padova</subfield>
    <subfield code="1">PD0090</subfield>
    <subfield code="2">PUV 55</subfield>
  </datafield>
  <datafield tag="911" ind1=" " ind2=" ">
    <subfield code="a">Sul front.</subfield>
    <subfield code="9">IT\ICCU\CNCM\002267</subfield>
  </datafield>
  <datafield tag="911" ind1=" " ind2=" ">
    <subfield code="a">Nel coloph.</subfield>
    <subfield code="9">IT\ICCU\CNCM\000464</subfield>
  </datafield>
  <datafield tag="921" ind1=" " ind2=" ">
    <subfield code="a">IT\ICCU\CNCM\002267</subfield>
    <subfield code="b">Fortuna (donna in mare con vela al vento in piedi su delfino). In cornice figurata.</subfield>
    <subfield code="c">U800</subfield>
    <subfield code="d">Dimensioni: 3 x 3,7</subfield>
    <subfield code="f">FORTUNA</subfield>
    <subfield code="f">DONNA</subfield>
    <subfield code="f">VELA</subfield>
    <subfield code="g">1583-1599</subfield>
  </datafield>
  <datafield tag="921" ind1=" " ind2=" ">
    <subfield code="a">IT\ICCU\CNCM\000464</subfield>
    <subfield code="b">Virt ̮(donna in piedi con un ramo di olivo in mano).</subfield>
    <subfield code="e">Virtus est firma possessio.</subfield>
    <subfield code="c">V505</subfield>
    <subfield code="d">Dimensioni: 5 x 6,3</subfield>
    <subfield code="f">DONNA</subfield>
    <subfield code="f">VIRTUSESTF</subfield>
    <subfield code="g">[1550?]-1583</subfield>
  </datafield>
</record>
</collection>
